@InProceedings{game,
author="Parsert, Julian
and Kaliszyk, Cezary",
editor="Avigad, Jeremy
and Mahboubi, Assia",
title="Towards Formal Foundations for Game Theory",
booktitle="Interactive Theorem Proving",
year="2018",
publisher="Springer International Publishing",
address="Cham",
pages="495--503"
isbn="978-3-319-94821-8"
}

@inproceedings{toolbox,
  title={Developing an auction theory toolbox},
  author={Kerber, Manfred and Lange, Christoph and Rowat, Colin and Windsteiger, Wolfgang},
  booktitle={AISB},
  volume={2013},
  pages={1--4},
  year={2013},
  organization={Citeseer}
}

@inproceedings{welfare,
  title={Formal microeconomic foundations and the first welfare theorem},
  author={Kaliszyk, Cezary and Parsert, Julian},
  booktitle={Proceedings of the 7th ACM SIGPLAN International Conference on Certified Programs and Proofs},
  pages={91--101},
  year={2018},
  organization={ACM}
}

@inproceedings{nash,
  title={Acyclic preferences and existence of sequential Nash equilibria: a formal and constructive equivalence},
  author={Le Roux, St{\'e}phane},
  booktitle={International Conference on Theorem Proving in Higher Order Logics},
  pages={293--309},
  year={2009},
  organization={Springer}
}



@article{mcafee1992,
  title={A dominant strategy double auction},
  author={McAfee, R Preston},
  journal={Journal of economic Theory},
  volume={56},
  number={2},
  pages={434--450},
  year={1992},
  publisher={Elsevier}
}

@Article{WurmanWW98,
  title =	"Flexible double auctions for electronic commerce:
		 theory and implementation",
  author =	"Peter R. Wurman and William E. Walsh and Michael P.
		 Wellman",
  journal =	"Decision Support Systems",
  year = 	"1998",
  number =	"1",
  volume =	"24",
  bibdate =	"2017-05-20",
  bibsource =	"DBLP,
		 http://dblp.uni-trier.de/https://doi.org/10.1016/S0167-9236(98)00060-8;
		 DBLP,
		 http://dblp.uni-trier.de/db/journals/dss/dss24.html#WurmanWW98",
  pages =	"17--27",
}

@InProceedings{NiuP13,
  title =	"Maximizing matching in double-sided auctions",
  author =	"Jinzhong Niu and Simon Parsons",
  bibdate =	"2013-06-28",
  bibsource =	"DBLP,
		 http://dblp.uni-trier.de/db/conf/atal/aamas2013.html#NiuP13",
  booktitle =	"International conference on Autonomous Agents and
		 Multi-Agent Systems, AAMAS '13, Saint Paul, MN, USA,
		 May 6-10, 2013",
  publisher =	"IFAAMAS",
  year = 	"2013",
  booktitle =	"AAMAS",
  editor =	"Maria L. Gini and Onn Shehory and Takayuki Ito and
		 Catholijn M. Jonker",
  ISBN = 	"978-1-4503-1993-5",
  pages =	"1283--1284",
  URL =  	"http://dl.acm.org/citation.cfm?id=2484920",
}


@InProceedings{ZhaoZKP10,
  title =	"Maximal Matching for Double Auction",
  author =	"Dengji Zhao and Dongmo Zhang and Md Khan and Laurent
		 Perrussel",
  publisher =	"Springer",
  year = 	"2010",
  volume =	"6464",
  bibdate =	"2017-05-21",
  bibsource =	"DBLP,
		 http://dblp.uni-trier.de/https://doi.org/10.1007/978-3-642-17432-2_52;
		 DBLP,
		 http://dblp.uni-trier.de/db/conf/ausai/ausai2010.html#ZhaoZKP10",
  booktitle =	"Australasian Conference on Artificial Intelligence",
  crossref =	"conf/ausai/2010",
  editor =	"Jiuyong Li",
  ISBN = 	"978-3-642-17431-5",
  pages =	"516--525",
  series =	"Lecture Notes in Computer Science",
}


@InProceedings{PassmoreI17,
  title =	"Formal Verification of Financial Algorithms",
  author =	"Grant Olney Passmore and Denis Ignatovich",
  bibdate =	"2017-07-12",
  bibsource =	"DBLP,
		 http://dblp.uni-trier.de/https://doi.org/10.1007/978-3-319-63046-5_3;
		 DBLP,
		 http://dblp.uni-trier.de/db/conf/cade/cade2017.html#PassmoreI17",
  booktitle =	"Automated Deduction - CADE 26 - 26th International
		 Conference on Automated Deduction, Gothenburg, Sweden,
		 August 6-11, 2017, Proceedings",
  publisher =	"Springer",
  year = 	"2017",
  volume =	"10395",
  booktitle =	"CADE",
  editor =	"Leonardo de Moura",
  ISBN = 	"978-3-319-63045-8; 978-3-319-63046-5",
  pages =	"26--41",
  series =	"Lecture Notes in Computer Science",
}

@article{friedman,
author = {Friedman, Daniel},
year = {1993},
month = {01},
pages = {},
title = {The double auction market institution: A survey},
booktitle = {The Double Auction Market: Institutions, Theories and Evidence}
}

@Article{Deshmukh:2002:TCD,
  author =	"Kaustubh Deshmukh and Andrew V. Goldberg and Jason D.
		 Hartline and Anna R. Karlin",
  title =	"Truthful and Competitive Double Auctions",
  journal =	"Lecture Notes in Computer Science",
  volume =	"2461",
  pages =	"361--??",
  year = 	"2002",
  CODEN =	"LNCSD9",
  ISSN = 	"0302-9743",
}

@Misc{oai:HAL:hal-01673716v1,
  title =	"The Coq Proof Assistant, version 87.1",
  publisher =	"HAL CCSD",
  year = 	"2017",
  month =	dec # "~15",
  annote =	"Coq Development Team , The; Institut National de
		 Recherche en Informatique et en Automatique ( Inria )",
  bibsource =	"OAI-PMH server at api.archives-ouvertes.fr",
  description =  "Official Release",
  identifier =	"hal-01673716; DOI : 10.5281/zenodo.1133970",
  language =	"en",
  oai =  	"oai:HAL:hal-01673716v1",
  relation =	"info:eu-repo/semantics/altIdentifier/doi/
		 10.5281/zenodo.1133970",
  source =	"Official Release. 2017,
		 {$\langle$}10.5281/zenodo.1133970{$\rangle$}",
  subject =	"[ INFO.INFO-PL ] Computer Science [cs]/Programming
		 Languages [cs.PL]",
  type = 	"info:eu-repo/semantics/other ; Other publications",
  URL =  	"https://hal.inria.fr/hal-01673716",
}


@Misc{standLib,
	Title					= {\mbox{The Coq Standard Library}},
	howpublished   = {{\verb+https://coq.inria.fr/library/+}} 
}

@Misc{auctiongithub,
	Title             		={Coq formalization of auctions},
	howpublished   ={{\verb+https://github.com/suneel-sarswat/auction+}}
}

